@misc{enterprisetech_2017, title={Deep Neural Networks: When, and When Not, to Use}, url={https://www.enterprisetech.com/2017/07/10/deep-neural-networks-not-use/}, journal={EnterpriseTech}, publisher={EnterpriseTech}, year={2017}, month={Jul}}

@book{bishop_2006, title={Pattern Recognition and Machine Learning}, publisher={Springer}, author={Bishop, Christopher}, year={2006}}

@book{murphy_2012, place={New York}, title={Machine Learning: A Probabilistic Perspective}, publisher={The MIT Press}, author={Murphy, Kevin P.}, year={2012}}

@article{adam,
  author    = {Diederik P. Kingma and
               Jimmy Ba},
  title     = {Adam: {A} Method for Stochastic Optimization},
  journal   = {CoRR},
  volume    = {abs/1412.6980},
  year      = {2014},
  url       = {http://arxiv.org/abs/1412.6980},
  archivePrefix = {arXiv},
  eprint    = {1412.6980},
  timestamp = {Wed, 07 Jun 2017 14:40:52 +0200},
  biburl    = {https://dblp.org/rec/bib/journals/corr/KingmaB14},
  bibsource = {dblp computer science bibliography, https://dblp.org}
}
@book{norving_russel_2013, place={Erscheinungsort nicht ermittelbar}, title={Artificial intelligence: a modern approach}, publisher={Pearson Education Limited}, author={Norving, Peter and Russel, Stuart}, year={2013}}
@misc{keon, title={keon/deep-q-learning}, url={https://github.com/keon/deep-q-learning/blob/master/dqn.py}, journal={GitHub}, author={Keon}}
@misc{pjreddie, title={pjreddie/cnn-primer}, url={https://github.com/pjreddie/cnn-primer/tree/master/1}, journal={GitHub}, author={Pjreddie}}

@book{luger_2009, place={Boston}, title={Artificial intelligence: structures and strategies for complex problem solving}, publisher={Pearson Addison-Wesley}, author={Luger, George F.}, year={2009}}

@article{widrow_hoff_1960, title={Adaptive Switching Circuits}, DOI={10.21236/ad0241531}, author={Widrow, B. and Hoff, M. E.}, year={1960}}

@article{mcculloch_pitts_1943, title={A logical calculus of the ideas immanent in nervous activity}, volume={5}, DOI={10.1007/bf02478259}, number={4}, journal={The Bulletin of Mathematical Biophysics}, author={Mcculloch, Warren S. and Pitts, Walter}, year={1943}, pages={115–133}}

@article{rosenblatt, title={Perceptron Algorithm, 1959; Rosenblatt}, DOI={10.1007/springerreference_57806}, journal={SpringerReference}}

@book{mitchell_1997, place={New York}, title={Machine Learning}, publisher={McGraw-Hill}, author={Mitchell, Tom M.}, year={1997}}

@article{mnih, title={Human-level control through deep reinforcement learning}, volume={518}, DOI={10.1038/nature14236}, number={7540}, journal={Nature}, author={Mnih, Volodymyr and Kavukcuoglu, Koray and Silver, David and Rusu, Andrei A. and Veness, Joel and Bellemare, Marc G. and Graves, Alex and Riedmiller, Martin and Fidjeland, Andreas K. and Ostrovski, Georg and et al.}, year={2015}, pages={529–533}}