@misc{bacable_2015, title={bacable/ProximityBasic}, url={https://github.com/bacable/ProximityBasic}, journal={GitHub}, author={Bacable}, year={2015}, month={Sep}} 

@misc{deepblue, url={https://www.research.ibm.com/deepblue/home/html/b.html}, journal={IBM Research | Deep Blue | Overview}, year={2001}, month={Feb}} 

@misc{alphago, title={AlphaGo}, url={https://deepmind.com/research/alphago/}, journal={DeepMind}} 

@misc{deeplearn.js, title={deeplearn.js}, url={http://deeplearnjs.org/}, journal={deeplearn.js}} 

@misc{proximity, title={Proximity}, url={http://www.mathsisfun.com/games/proximity.html}, journal={Math is Fun}} 

@book{aima, place={Upper Saddle River}, title={Artificial Intelligence: A Modern Approach}, publisher={Prentice-Hall}, author={Russell, Stuart J. and Norvig, Peter}, year={2010}} 

@book{rein, place={Cambridge, MA}, title={Reinforcement Learning: An Introduction}, publisher={The MIT Press}, author={Sutton, Richard S. and Barto, Andrew G.}, year={2012}}

@book{bishop_2006, title={Pattern Recognition and Machine Learning}, publisher={Springer}, author={Bishop, Christopher}, year={2006}}
